<record><leader>00000cas a2200000 a 4500</leader><controlfield tag="001">10077337</controlfield><controlfield tag="008">831031d17551793mauwr ne      0    0eng c</controlfield><datafield ind1=" " ind2=" " tag="010"><subfield code="a">sn 83021292 </subfield></datafield><datafield ind1=" " ind2=" " tag="040"><subfield code="a">NPX</subfield><subfield code="b">eng</subfield><subfield code="c">NPX</subfield><subfield code="d">NPA</subfield><subfield code="d">NPU</subfield><subfield code="d">DLC</subfield><subfield code="d">UNP</subfield><subfield code="d">DLC</subfield><subfield code="d">NJW</subfield><subfield code="d">KNP</subfield><subfield code="d">MFN</subfield><subfield code="d">MGN</subfield><subfield code="d">DLC</subfield><subfield code="d">OCL</subfield><subfield code="d">KNP</subfield><subfield code="d">MGN</subfield><subfield code="d">NVF</subfield><subfield code="d">CNK</subfield><subfield code="d">HUL</subfield><subfield code="d">MBN</subfield><subfield code="d">FUG</subfield><subfield code="d">NVK</subfield><subfield code="d">OCL</subfield><subfield code="d">CVF</subfield><subfield code="d">OCLCG</subfield><subfield code="d">BUF</subfield><subfield code="d">KRTAS</subfield><subfield code="d">DLC</subfield><subfield code="d">OCLCQ</subfield><subfield code="d">OCLCF</subfield><subfield code="d">WAU</subfield><subfield code="d">OCLCO</subfield></datafield><datafield ind1=" " ind2=" " tag="019"><subfield code="a">2258519</subfield><subfield code="a">10077388</subfield><subfield code="a">10077576</subfield></datafield><datafield ind1="1" ind2=" " tag="029"><subfield code="a">AU@</subfield><subfield code="b">000003041973</subfield></datafield><datafield ind1=" " ind2=" " tag="042"><subfield code="a">pcc</subfield></datafield><datafield ind1=" " ind2=" " tag="043"><subfield code="a">n-us-ma</subfield></datafield><datafield ind1="0" ind2="0" tag="050"><subfield code="a">Newspaper</subfield></datafield><datafield ind1="1" ind2="4" tag="050"><subfield code="a">AP2.A2</subfield><subfield code="b">A63 Box 35</subfield></datafield><datafield ind1="0" ind2="4" tag="245"><subfield code="a">The Boston gazette, or, Country journal.</subfield></datafield><datafield ind1="3" ind2="0" tag="246"><subfield code="a">Country journal</subfield></datafield><datafield ind1="3" ind2="0" tag="246"><subfield code="a">Boston-gazette, and country journal</subfield></datafield><datafield ind1="3" ind2="0" tag="246"><subfield code="a">Boston gazette, and the country journal</subfield></datafield><datafield ind1=" " ind2=" " tag="260"><subfield code="a">Boston [Mass.] :</subfield><subfield code="b">B. Edes and J. Gill,</subfield><subfield code="c">1755-1793.</subfield></datafield><datafield ind1=" " ind2=" " tag="300"><subfield code="a">2048 no. ;</subfield><subfield code="c">38 cm.</subfield></datafield><datafield ind1=" " ind2=" " tag="310"><subfield code="a">Weekly</subfield></datafield><datafield ind1="0" ind2=" " tag="362"><subfield code="a">No. 1 (Apr. 7, 1755)-no. 2048 (Dec. 30, 1793).</subfield></datafield><datafield ind1=" " ind2=" " tag="500"><subfield code="a">Title varies: Boston-gazette, and country journal, Apr. 12, 1756-Apr. 5, 1779; Boston gazette, and the country journal, Apr. 12, 1779-Dec. 30, 1793.</subfield></datafield><datafield ind1=" " ind2=" " tag="500"><subfield code="a">Published in Watertown, Mass., June 5, 1775-Oct. 28, 1776.</subfield></datafield><datafield ind1=" " ind2=" " tag="515"><subfield code="a">Suspended with Apr. 17, 1775 issue; resumed June 5, 1775.</subfield></datafield><datafield ind1=" " ind2=" " tag="530"><subfield code="a">Also issued on microopaque and microfilm from Readex Microprint Corp. ; Microfilming Corp. of America, Birth of America Series.</subfield></datafield><datafield ind1=" " ind2="0" tag="651"><subfield code="a">Boston (Mass.)</subfield><subfield code="v">Newspapers.</subfield></datafield><datafield ind1=" " ind2="0" tag="651"><subfield code="a">Suffolk County (Mass.)</subfield><subfield code="v">Newspapers.</subfield></datafield><datafield ind1=" " ind2="0" tag="651"><subfield code="a">Watertown (Mass.)</subfield><subfield code="v">Newspapers.</subfield></datafield><datafield ind1=" " ind2="0" tag="651"><subfield code="a">Middlesex County (Mass.)</subfield><subfield code="v">Newspapers.</subfield></datafield><datafield ind1=" " ind2="7" tag="651"><subfield code="a">Massachusetts</subfield><subfield code="z">Boston.</subfield><subfield code="2">fast</subfield><subfield code="0">(OCoLC)fst01205012</subfield></datafield><datafield ind1=" " ind2="7" tag="651"><subfield code="a">Massachusetts</subfield><subfield code="z">Middlesex County.</subfield><subfield code="2">fast</subfield><subfield code="0">(OCoLC)fst01214394</subfield></datafield><datafield ind1=" " ind2="7" tag="651"><subfield code="a">Massachusetts</subfield><subfield code="z">Suffolk County.</subfield><subfield code="2">fast</subfield><subfield code="0">(OCoLC)fst01206189</subfield></datafield><datafield ind1=" " ind2="7" tag="651"><subfield code="a">Massachusetts</subfield><subfield code="z">Watertown.</subfield><subfield code="2">fast</subfield><subfield code="0">(OCoLC)fst01208164</subfield></datafield><datafield ind1=" " ind2="7" tag="655"><subfield code="a">Newspapers.</subfield><subfield code="2">fast</subfield><subfield code="0">(OCoLC)fst01423814</subfield></datafield><datafield ind1="1" ind2=" " tag="700"><subfield code="a">Edes, Benjamin,</subfield><subfield code="d">1732-1803.</subfield></datafield><datafield ind1="1" ind2=" " tag="700"><subfield code="a">Gill, John,</subfield><subfield code="d">1732-1785.</subfield></datafield><datafield ind1=" " ind2=" " tag="752"><subfield code="a">United States</subfield><subfield code="b">Massachusetts</subfield><subfield code="c">Suffolk</subfield><subfield code="d">Boston.</subfield></datafield><datafield ind1=" " ind2=" " tag="752"><subfield code="a">United States</subfield><subfield code="b">Massachusetts</subfield><subfield code="c">Middlesex</subfield><subfield code="d">Watertown.</subfield></datafield><datafield ind1="1" ind2=" " tag="776"><subfield code="t">Boston gazette, or, Country journal</subfield><subfield code="w">(DLC)  2014252015</subfield><subfield code="w">(OCoLC)878687972</subfield></datafield><datafield ind1="0" ind2="0" tag="780"><subfield code="t">Boston gazette, or, Weekly advertiser</subfield><subfield code="w">(DLC)sn 83021290</subfield><subfield code="w">(OCoLC)10075823</subfield></datafield><datafield ind1="0" ind2="0" tag="785"><subfield code="t">Boston gazette, and weekly Republican journal</subfield><subfield code="w">(DLC)sn 83021293</subfield><subfield code="w">(OCoLC)10077456</subfield></datafield><datafield ind1=" " ind2=" " tag="850"><subfield code="a">MH</subfield></datafield><datafield ind1=" " ind2=" " tag="938"><subfield code="a">Kirtas Technologies, Inc.</subfield><subfield code="b">KRTS</subfield><subfield code="n">737621</subfield></datafield></record>